@article{bacchetta,
    author =       {Alessandro Bacchetta et al},
    title =        {Semi-inclusive Deep Inelastic Scattering At Small Transverse Momentum},
    journal = {arXiv:0611265v2},
    year =         {2007}
}

@article{mulders,
      author  = {P.J. Mulders, R.D. Tangerman},
      title   = {The Complete Tree-Level Result Up to Order $1/Q$ for Polarized Deep-Inelastic Leptoproduction},
      journal = {Nuclear Physics B},
      volume  = {461},
      pages   = {197-237},
      year    = {1996}
}

@article{bjorken,
      author  = {J. D. Bjorken, E. A. Paschos},
      title   = {Inelastic Electron Proton and $\gamma$ Proton Scattering and the Structure of the Nucleon},
      journal = {SLAC-PUB},
      volume  = {572},
      year    = {1969}
}

@article{feynman,
      author  = {Richard P. Feynman},
      title   = {Very High-Energy Collisions of Hadrons},
      journal = {PRL},
      volume  = {23},
      year    = {1969}
}

@article{clas,
      author  = {The CLAS Collaboration},
      title   = {The CEBAF Large Acceptance Spectrometer (CLAS)},
      journal = {Nuclear Instruments \& Methods In Physics Research},
      volume  = {503},
      year    = {2003}
}

@article{slacProp,
      author = {W. Panofsky et al},
      title  = {Proposals for initial electron scattering experiments using the SLAC spectrometer facilities},
      year   = {1966}
}

@article{tung,
      author = {Wu-Ki Tung},
      title  = {Perturbative QCD and the Parton Structure of the Nucleon}
}

@article{systematics-barlow,
      author  = {Roger Barlow},
      title   = {Systematic Errors: Facts and Fictions},
      journal = {arvix:hep-ex/0207026v1},
      year    = {2002} 
}

@article{pion-bsa-gohn,
  title = {Beam-spin asymmetries from semi-inclusive pion electroproduction},
  author = {Gohn, W. and Avakian, H. and Joo, K. and Ungaro, M. and Adhikari, K. P. and Aghasyan, M. and Amaryan, M. J. and Anderson, M. D. and Anefalos Pereira, S. and Ball, J. and Baltzell, N. A. and Battaglieri, M. and Biselli, A. S. and Bono, J. and Briscoe, W. J. and Brooks, W. K. and Burkert, V. D. and Carman, D. S. and Celentano, A. and Chandavar, S. and Charles, G. and Cole, P. L. and Contalbrigo, M. and Cortes, O. and Crede, V. and D'Angelo, A. and Dashyan, N. and De Vita, R. and De Sanctis, E. and Djalali, C. and Doughty, D. and Dupre, R. and El Alaoui, A. and El Fassi, L. and Eugenio, P. and Fedotov, G. and Fleming, J. A. and Forest, T. and Gar\ifmmode \mbox{\c{c}}\else \c{c}\fi{}on, M. and Ghandilyan, Y. and Gilfoyle, G. P. and Giovanetti, K. L. and Girod, F. X. and Gothe, R. W. and Griffioen, K. A. and Guegan, B. and Guo, L. and Hafidi, K. and Hanretty, C. and Harrison, N. and Hattawy, Mohammad and Hicks, K. and Ho, D. and Holtrop, M. and Hyde, C. and Ilieva, Y. and Ireland, D. G. and Ishkhanov, B. S. and Jo, H. S. and Keller, D. and Khandaker, M. and Khetarpal, P. and Kim, W. and Klein, F. J. and Koirala, S. and Kubarovsky, V. and Kuhn, S. E. and Kuleshov, S. V. and Lenisa, P. and Livingston, K. and Lu, H. Y. and MacGregor, I. J. D. and Markov, N. and Mayer, M. and McKinnon, B. and Mineeva, T. and Mirazita, M. and Mokeev, V. and Movsisyan, A. and Nadel-Turonski, P. and Niccolai, S. and Niculescu, I. and Osipenko, M. and Ostrovidov, A. I. and Pappalardo, L. L. and Paremuzyan, R. and Park, K. and Pasyuk, E. and Peng, P. and Phillips, J. J. and Pisano, S. and Pozdniakov, S. and Price, J. W. and Procureur, S. and Prok, Y. and Puckett, A. J. R. and Raue, B. A. and Ripani, M. and Ritchie, B. G. and Rizzo, A. and Rosner, G. and Rossi, P. and Roy, P. and Sabati\'e, F. and Salgado, C. and Schott, D. and Schumacher, R. A. and Seder, E. and Seraydaryan, H. and Sharabian, Y. G. and Simonyan, A. and Smith, G. D. and Sober, D. I. and Sokhan, D. and Stoler, P. and Strakovsky, I. I. and Stepanyan, S. and Strauch, S. and Tang, W. and Tkachenko, S. and Vernarsky, B. and Voskanyan, H. and Voutier, E. and Walford, N. K. and Watts, D. P. and Weinstein, L. B. and Wood, M. H. and Zachariou, N. and Zana, L. and Zhang, J. and Zonta, I.},
  collaboration = {The CLAS Collaboration},
  journal = {Phys. Rev. D},
  volume = {89},
  issue = {7},
  pages = {072011},
  numpages = {15},
  year = {2014},
  month = {Apr},
  publisher = {American Physical Society},
  doi = {10.1103/PhysRevD.89.072011},
  url = {https://link.aps.org/doi/10.1103/PhysRevD.89.072011}
}

@article{cebaf-leemann,
      author  = {Christoph Leemann and David Douglas and Geoffrey Krafft},
      title   = {The Continuous Electron Beam Accelerator Facility: CEBAF at the Jefferson Laboratory},
      journal = {Annu. Rev. Nucl. Part. Sci.},
      year    = {2001}
}

@online{kaon-note, 
author={David Riser},
title={Hadron ID note},
url={https://userweb.jlab.org/~dmriser/lfs/notes/fcup.pdf}
}

@online{fcup-website, 
author={David Riser},
title={Faraday cup website},
url={https://userweb.jlab.org/~dmriser/index.html}
}

@online{fcup-note, 
author={David Riser},
title={Faraday cup note},
url={https://userweb.jlab.org/~dmriser/lfs/notes/hadron_id.pdf}
}







