% --------------------------------------------------
%
%                     Computing 
%
% --------------------------------------------------
@article{computing-watt:2012,
      author         = "Watt, G. and Thorne, R. S.",
      title          = "{Study of Monte Carlo approach to experimental
                        uncertainty propagation with MSTW 2008 PDFs}",
      journal        = "JHEP",
      volume         = "08",
      year           = "2012",
      pages          = "052",
      doi            = "10.1007/JHEP08(2012)052",
      eprint         = "1205.4024",
      archivePrefix  = "arXiv",
      primaryClass   = "hep-ph",
      reportNumber   = "CERN-PH-TH-2012-132, LCTS-2012-11",
      SLACcitation   = "%%CITATION = ARXIV:1205.4024;%%"
}
@article{computing-sato:2013,
      author         = "Sato, Nobuo and Owens, J. F. and Prosper, Harrison",
      title          = "{Bayesian Reweighting for Global Fits}",
      journal        = "Phys. Rev.",
      volume         = "D89",
      year           = "2014",
      number         = "11",
      pages          = "114020",
      doi            = "10.1103/PhysRevD.89.114020",
      eprint         = "1310.1089",
      archivePrefix  = "arXiv",
      primaryClass   = "hep-ph",
      SLACcitation   = "%%CITATION = ARXIV:1310.1089;%%"
}
@article{computing-hastings:1970,
      author         = "Hastings, W. K.",
      title          = "{Monte Carlo Sampling Methods Using Markov Chains and
                        Their Applications}",
      journal        = "Biometrika",
      volume         = "57",
      year           = "1970",
      pages          = "97-109",
      doi            = "10.1093/biomet/57.1.97",
      SLACcitation   = "%%CITATION = BIOKA,57,97;%%"
}

% --------------------------------------------------
%
%                    Form Factors 
%
% --------------------------------------------------
@article{formfactors-punjabi:2015,
      author         = "Punjabi, V. and others",
      title          = "{The Structure of the Nucleon: Elastic Electromagnetic
                        Form Factors}",
      journal        = "Eur. Phys. J.",
      volume         = "A51",
      year           = "2015",
      pages          = "79",
      doi            = "10.1140/epja/i2015-15079-x",
      eprint         = "1503.01452",
      archivePrefix  = "arXiv",
      primaryClass   = "nucl-ex",
      reportNumber   = "JLAB-PHY-15-2019",
      SLACcitation   = "%%CITATION = ARXIV:1503.01452;%%"
}
@article{formfactors-arrington:2011,
      author         = "Arrington, John and de Jager, Kees and Perdrisat, Charles
                        F.",
      title          = "{Nucleon Form Factors: A Jefferson Lab Perspective}",
      journal        = "J. Phys. Conf. Ser.",
      volume         = "299",
      year           = "2011",
      pages          = "012002",
      doi            = "10.1088/1742-6596/299/1/012002",
      eprint         = "1102.2463",
      archivePrefix  = "arXiv",
      primaryClass   = "nucl-ex",
      reportNumber   = "JLAB-PHY-11-1315",
      SLACcitation   = "%%CITATION = ARXIV:1102.2463;%%"
}
@article{formfactors-perdrisat:2006,
      author         = "Perdrisat, C. F. and Punjabi, V. and Vanderhaeghen, M.",
      title          = "{Nucleon Electromagnetic Form Factors}",
      journal        = "Prog. Part. Nucl. Phys.",
      volume         = "59",
      year           = "2007",
      pages          = "694-764",
      doi            = "10.1016/j.ppnp.2007.05.001",
      eprint         = "hep-ph/0612014",
      archivePrefix  = "arXiv",
      primaryClass   = "hep-ph",
      reportNumber   = "WM-06-115, JLAB-THY-06-595",
      SLACcitation   = "%%CITATION = HEP-PH/0612014;%%"
}
% --------------------------------------------------
%
%                       GPDs
%
% --------------------------------------------------
@article{gpds-radyushkin:2000,
      author         = "Radyushkin, A. V.",
      title          = "{Generalized parton distributions}",
      year           = "2000",
      doi            = "10.1142/9789812810458_0027",
      eprint         = "hep-ph/0101225",
      archivePrefix  = "arXiv",
      primaryClass   = "hep-ph",
      reportNumber   = "JLAB-THY-00-33",
      SLACcitation   = "%%CITATION = HEP-PH/0101225;%%"
}
@article{gpds-diehl:2013,
      author         = "Diehl, Markus and Kroll, Peter",
      title          = "{Nucleon form factors, generalized parton distributions
                        and quark angular momentum}",
      journal        = "Eur. Phys. J.",
      volume         = "C73",
      year           = "2013",
      number         = "4",
      pages          = "2397",
      doi            = "10.1140/epjc/s10052-013-2397-7",
      eprint         = "1302.4604",
      archivePrefix  = "arXiv",
      primaryClass   = "hep-ph",
      reportNumber   = "DESY-13-025",
      SLACcitation   = "%%CITATION = ARXIV:1302.4604;%%"
}
@article{gpds-guidal:2013,
      author         = "Guidal, Michel and Moutarde, HervÃ© and Vanderhaeghen,
                        Marc",
      title          = "{Generalized Parton Distributions in the valence region
                        from Deeply Virtual Compton Scattering}",
      journal        = "Rept. Prog. Phys.",
      volume         = "76",
      year           = "2013",
      pages          = "066202",
      doi            = "10.1088/0034-4885/76/6/066202",
      eprint         = "1303.6600",
      archivePrefix  = "arXiv",
      primaryClass   = "hep-ph",
      SLACcitation   = "%%CITATION = ARXIV:1303.6600;%%"
}
% --------------------------------------------------
%
%                     Hardware
%
% --------------------------------------------------
@article{hardware-leemann:2001,
      author         = "Leemann, C. W. and others",
      title          = "{The Continuous Electron Beam Accelerator Facility: CEBAF
                        at the Jefferson Laboratory}",
      journal        = "Ann. Rev. Nucl. Part. Sci.",
      volume         = "51",
      year           = "2001",
      pages          = "413-450",
      doi            = "10.1146/annurev.nucl.51.101701.132327",
      reportNumber   = "JLAB-ACC-01-31",
      SLACcitation   = "%%CITATION = ARNUA,51,413;%%"
}
@article{hardware-chao:2011,
      author         = "Chao, Y. C. and others",
      title          = "{CEBAF accelerator achievements}",
      journal        = "J. Phys. Conf. Ser.",
      volume         = "299",
      year           = "2011",
      pages          = "012015",
      doi            = "10.1088/1742-6596/299/1/012015",
      reportNumber   = "JLAB-ACP-11-1344",
      SLACcitation   = "%%CITATION = 00462,299,012015;%%"
}
@article{hardware-mestayer:2000,
      author         = "Mestayer, M. D. and others",
      title          = "{The CLAS drift chamber system}",
      journal        = "Nucl. Instrum. Meth.",
      volume         = "A449",
      year           = "2000",
      pages          = "81-111",
      doi            = "10.1016/S0168-9002(00)00151-0",
      reportNumber   = "JLAB-PHY-99-11",
      SLACcitation   = "%%CITATION = NUIMA,A449,81;%%"
}
@article{hardware-mecking:2003,
      author         = "Mecking, B. A. and others",
      title          = "{The CEBAF Large Acceptance Spectrometer (CLAS)}",
      collaboration  = "CLAS",
      journal        = "Nucl. Instrum. Meth.",
      volume         = "A503",
      year           = "2003",
      pages          = "513-553",
      doi            = "10.1016/S0168-9002(03)01001-5",
      reportNumber   = "JLAB-PHY-03-01",
      SLACcitation   = "%%CITATION = NUIMA,A503,513;%%"
}
@article{hardware-adams:2001,
      author         = "Adams, G. and others",
      title          = "{The CLAS Cherenkov detector}",
      journal        = "Nucl. Instrum. Meth.",
      volume         = "A465",
      year           = "2001",
      pages          = "414-427",
      doi            = "10.1016/S0168-9002(00)01313-9",
      reportNumber   = "JLAB-PHY-01-46",
      SLACcitation   = "%%CITATION = NUIMA,A465,414;%%"
}
@article{hardware-smith:1999,
      author         = "Smith, E. S. and others",
      title          = "{The time-of-flight system for CLAS}",
      journal        = "Nucl. Instrum. Meth.",
      volume         = "A432",
      year           = "1999",
      pages          = "265-298",
      doi            = "10.1016/S0168-9002(99)00484-2",
      reportNumber   = "JLAB-PHY-99-03",
      SLACcitation   = "%%CITATION = NUIMA,A432,265;%%"
}
@article{hardware-amarian:2001,
      author         = "Amarian, M. and others",
      title          = "{The CLAS forward electromagnetic calorimeter}",
      journal        = "Nucl. Instrum. Meth.",
      volume         = "A460",
      year           = "2001",
      pages          = "239-265",
      doi            = "10.1016/S0168-9002(00)00996-7",
      reportNumber   = "JLAB-PHY-00-28",
      SLACcitation   = "%%CITATION = NUIMA,A460,239;%%"
}
% --------------------------------------------------
%
%                     History 
%
% --------------------------------------------------
@article{history-rosenbluth:1950,
      author         = "Rosenbluth, M. N.",
      title          = "{High Energy Elastic Scattering of Electrons on Protons}",
      journal        = "Phys. Rev.",
      volume         = "79",
      year           = "1950",
      pages          = "615-619",
      doi            = "10.1103/PhysRev.79.615",
      SLACcitation   = "%%CITATION = PHRVA,79,615;%%"
}

@article{history-hofstadter:1955,
      author         = "Hofstadter, R. and McAllister, R. W.",
      title          = "{Electron Scattering From the Proton}",
      journal        = "Phys. Rev.",
      volume         = "98",
      year           = "1955",
      pages          = "217-218",
      doi            = "10.1103/PhysRev.98.217",
      SLACcitation   = "%%CITATION = PHRVA,98,217;%%"
}
@article{history-hofstadter:1956,
      author         = "Hofstadter, Robert",
      title          = "{Electron scattering and nuclear structure}",
      journal        = "Rev. Mod. Phys.",
      volume         = "28",
      year           = "1956",
      pages          = "214-254",
      doi            = "10.1103/RevModPhys.28.214",
      SLACcitation   = "%%CITATION = RMPHA,28,214;%%"
}
@article{history-chambers:1956,
      author         = "Chambers, E. E. and Hofstadter, R.",
      title          = "{Structure of the Proton}",
      journal        = "Phys. Rev.",
      volume         = "103",
      year           = "1956",
      pages          = "1454-1463",
      doi            = "10.1103/PhysRev.103.1454",
      SLACcitation   = "%%CITATION = PHRVA,103,1454;%%"
}
@article{history-ernst:1960,
      author         = "Ernst, F. J. and Sachs, R. G. and Wali, K. C.",
      title          = "{Electromagnetic form factors of the nucleon}",
      journal        = "Phys. Rev.",
      volume         = "119",
      year           = "1960",
      pages          = "1105-1114",
      doi            = "10.1103/PhysRev.119.1105",
      SLACcitation   = "%%CITATION = PHRVA,119,1105;%%"
}
@article{history-zweig:1964,
      author         = "Zweig, G.",
      title          = "{An SU(3) model for strong interaction symmetry and its
                        breaking. Version 1}",
      year           = "1964",
      reportNumber   = "CERN-TH-401",
      SLACcitation   = "%%CITATION = CERN-TH-401;%%"
}
@article{history-bjorken:1969,
      author         = "Bjorken, J. D. and Paschos, Emmanuel A.",
      title          = "{Inelastic Electron Proton and gamma Proton Scattering,
                        and the Structure of the Nucleon}",
      journal        = "Phys. Rev.",
      volume         = "185",
      year           = "1969",
      pages          = "1975-1982",
      doi            = "10.1103/PhysRev.185.1975",
      reportNumber   = "SLAC-PUB-0572",
      SLACcitation   = "%%CITATION = PHRVA,185,1975;%%"
}
@article{history-feynman:1969,
      author         = "Feynman, Richard P.",
      title          = "{Very high-energy collisions of hadrons}",
      journal        = "Phys. Rev. Lett.",
      volume         = "23",
      year           = "1969",
      pages          = "1415-1417",
      doi            = "10.1103/PhysRevLett.23.1415",
      note           = "[,494(1969)]",
      reportNumber   = "PRINT-69-2817",
      SLACcitation   = "%%CITATION = PRLTA,23,1415;%%"
}
% --------------------------------------------------
%
%                  Miscellaneous  
%
% --------------------------------------------------
@book{misc-geesaman:2015,
      author         = "Aprahamian, Ani and others",
      title          = "{Reaching for the Horizon: The 2015 Long Range Plan for
                        Nuclear Science}",
      year           = "U.S. Department of Energy and National Science Foundation, 2015",
      SLACcitation   = "%%CITATION = INSPIRE-1398831;%%"
}
@article{misc-ping:2009,
      author         = "Ping, Rong-Gang and others",
      title          = "{Analysis tools}",
      journal        = "Int. J. Mod. Phys.",
      volume         = "A24S1",
      year           = "2009",
      pages          = "23-77",
      doi            = "10.1142/S0217751X09046436",
      SLACcitation   = "%%CITATION = IMPAE,A24S1,23;%%"
}
@article{misc-bosted:2007,
      author         = "Bosted, P. E. and Christy, M. E.",
      title          = "{Empirical fit to inelastic electron-deuteron and
                        electron-neutron resonance region transverse
                        cross-sections}",
      journal        = "Phys. Rev.",
      volume         = "C77",
      year           = "2008",
      pages          = "065206",
      doi            = "10.1103/PhysRevC.77.065206",
      eprint         = "0711.0159",
      archivePrefix  = "arXiv",
      primaryClass   = "hep-ph",
      reportNumber   = "JLAB-PHY-07-744",
      SLACcitation   = "%%CITATION = ARXIV:0711.0159;%%"
}
@inproceedings{misc-barlow:2002,
      author         = "Barlow, Roger",
      title          = "{Systematic errors: Facts and fictions}",
      booktitle      = "{Advanced Statistical Techniques in Particle Physics.
                        Proceedings, Conference, Durham, UK, March 18-22, 2002}",
      url            = "http://www.ippp.dur.ac.uk/Workshops/02/statistics/proceedings//barlow.pdf",
      year           = "2002",
      pages          = "134-144",
      eprint         = "hep-ex/0207026",
      archivePrefix  = "arXiv",
      primaryClass   = "hep-ex",
      reportNumber   = "MAN-HEP-02-01",
      SLACcitation   = "%%CITATION = HEP-EX/0207026;%%"
}
@online{misc-mirazita:2010, 
      author         = "Marco Mirazita",
      title          = {Kinematic Corrections for E1-F},
      url            = "https://www.jlab.org/Hall-B/secure/e1f/mirazita/momcorr/note_momcorr.pdf"
}
@article{misc-mo:1969,
      author         = "Mo, Luke W. and Tsai, Yung-Su",
      title          = "{Radiative Corrections to Elastic and Inelastic e p and
                        mu p Scattering}",
      journal        = "Rev. Mod. Phys.",
      volume         = "41",
      year           = "1969",
      pages          = "205-235",
      doi            = "10.1103/RevModPhys.41.205",
      reportNumber   = "SLAC-PUB-0380",
      SLACcitation   = "%%CITATION = RMPHA,41,205;%%"
}

% --------------------------------------------------
%
%                       PDFs 
%
% --------------------------------------------------
@article{pdfs-sato:2016,
      author         = "Sato, Nobuo and Melnitchouk, W. and Kuhn, S. E. and
                        Ethier, J. J. and Accardi, A.",
      title          = "{Iterative Monte Carlo analysis of spin-dependent parton
                        distributions}",
      collaboration  = "Jefferson Lab Angular Momentum",
      journal        = "Phys. Rev.",
      volume         = "D93",
      year           = "2016",
      number         = "7",
      pages          = "074005",
      doi            = "10.1103/PhysRevD.93.074005",
      eprint         = "1601.07782",
      archivePrefix  = "arXiv",
      primaryClass   = "hep-ph",
      reportNumber   = "JLAB-THY-16-2200",
      SLACcitation   = "%%CITATION = ARXIV:1601.07782;%%"
}
@article{pdfs-leader:1988,
      author         = "Leader, Elliot and Anselmino, Mauro",
      title          = "{A crisis in the parton model: Where, oh where is the
                        proton’s spin?}",
      booktitle      = "{Proceedings, 8th International Symposium on High-energy
                        Spin Physics: Minneapolis, Minnesota, USA, September
                        12-17, 1988. Vol. 1, 2}",
      journal        = "Z. Phys.",
      volume         = "C41",
      year           = "1988",
      pages          = "239",
      doi            = "10.1063/1.38312, 10.1007/BF01566922",
      note           = "[AIP Conf. Proc.187,764(2008)]",
      reportNumber   = "PRINT-88-0394 (BIRKBECK-COLL)",
      SLACcitation   = "%%CITATION = ZEPYA,C41,239;%%"
}
@article{pdfs-lai:1994,
      author         = "Lai, H. L. and Botts, J. and Huston, J. and Morfin, J. G.
                        and Owens, J. F. and Qiu, Jian-wei and Tung, W. K. and
                        Weerts, H.",
      title          = "{Global QCD analysis and the CTEQ parton distributions}",
      journal        = "Phys. Rev.",
      volume         = "D51",
      year           = "1995",
      pages          = "4763-4782",
      doi            = "10.1103/PhysRevD.51.4763",
      eprint         = "hep-ph/9410404",
      archivePrefix  = "arXiv",
      primaryClass   = "hep-ph",
      reportNumber   = "MSUHEP-41024, CTEQ-404",
      SLACcitation   = "%%CITATION = HEP-PH/9410404;%%"
}
@article{pdfs-brock:1993,
      author         = "Brock, Raymond and others",
      title          = "{Handbook of perturbative QCD: Version 1.0}",
      collaboration  = "CTEQ",
      journal        = "Rev. Mod. Phys.",
      volume         = "67",
      year           = "1995",
      pages          = "157-248",
      doi            = "10.1103/RevModPhys.67.157",
      reportNumber   = "FERMILAB-PUB-93-094, ANL-HEP-PR-95-29",
      SLACcitation   = "%%CITATION = RMPHA,67,157;%%"
}
% --------------------------------------------------
%
%                       TMDs 
%
% --------------------------------------------------
@article{tmds-anselmino:2013,
      author         = "Anselmino, M. and Boglione, M. and Gonzalez Hernandez, J.
                        O. and Melis, S. and Prokudin, A.",
      title          = "{Unpolarised Transverse Momentum Dependent Distribution
                        and Fragmentation Functions from SIDIS Multiplicities}",
      journal        = "JHEP",
      volume         = "04",
      year           = "2014",
      pages          = "005",
      doi            = "10.1007/JHEP04(2014)005",
      eprint         = "1312.6261",
      archivePrefix  = "arXiv",
      primaryClass   = "hep-ph",
      reportNumber   = "JLAB-THY-13-1830",
      SLACcitation   = "%%CITATION = ARXIV:1312.6261;%%"
}
@article{tmds-collins:2011,
      author         = "Collins, John",
      title          = "{Foundations of perturbative QCD}",
      journal        = "Camb. Monogr. Part. Phys. Nucl. Phys. Cosmol.",
      volume         = "32",
      year           = "2011",
      pages          = "1-624",
      SLACcitation   = "%%CITATION = CMPCE,32,1;%%"
}
@article{tmds-bacchetta:2006,
      author         = "Bacchetta, Alessandro and Diehl, Markus and Goeke, Klaus
                        and Metz, Andreas and Mulders, Piet J. and Schlegel, Marc",
      title          = "{Semi-inclusive deep inelastic scattering at small
                        transverse momentum}",
      journal        = "JHEP",
      volume         = "02",
      year           = "2007",
      pages          = "093",
      doi            = "10.1088/1126-6708/2007/02/093",
      eprint         = "hep-ph/0611265",
      archivePrefix  = "arXiv",
      primaryClass   = "hep-ph",
      reportNumber   = "DESY-06-204",
      SLACcitation   = "%%CITATION = HEP-PH/0611265;%%"
}
@article{tmds-mulders:1995,
      author         = "Mulders, P. J. and Tangerman, R. D.",
      title          = "{The Complete tree level result up to order 1/Q for
                        polarized deep inelastic leptoproduction}",
      journal        = "Nucl. Phys.",
      volume         = "B461",
      year           = "1996",
      pages          = "197-237",
      doi            = "10.1016/S0550-3213(96)00648-7,
                        10.1016/0550-3213(95)00632-X",
      note           = "[Erratum: Nucl. Phys.B484,538(1997)]",
      eprint         = "hep-ph/9510301",
      archivePrefix  = "arXiv",
      primaryClass   = "hep-ph",
      reportNumber   = "NIKHEF-95-053",
      SLACcitation   = "%%CITATION = HEP-PH/9510301;%%"
}
@article{tmds-gohn:2014,
      author         = "Gohn, W. and others",
      title          = "{Beam-spin asymmetries from semi-inclusive pion
                        electroproduction}",
      collaboration  = "CLAS",
      journal        = "Phys. Rev.",
      volume         = "D89",
      year           = "2014",
      number         = "7",
      pages          = "072011",
      doi            = "10.1103/PhysRevD.89.072011",
      eprint         = "1402.4097",
      archivePrefix  = "arXiv",
      primaryClass   = "hep-ex",
      reportNumber   = "JLAB-PHY-14-1846",
      SLACcitation   = "%%CITATION = ARXIV:1402.4097;%%"
}
@article{tmds-airapetian:2012,
      author         = "Airapetian, A. and others",
      title          = "{Multiplicities of charged pions and kaons from
                        semi-inclusive deep-inelastic scattering by the proton and
                        the deuteron}",
      collaboration  = "HERMES",
      journal        = "Phys. Rev.",
      volume         = "D87",
      year           = "2013",
      pages          = "074029",
      doi            = "10.1103/PhysRevD.87.074029",
      eprint         = "1212.5407",
      archivePrefix  = "arXiv",
      primaryClass   = "hep-ex",
      reportNumber   = "DESY-12-157",
      SLACcitation   = "%%CITATION = ARXIV:1212.5407;%%"
}
@article{tmds-aghasyan:2017,
      author         = "Aghasyan, M. and others",
      title          = "{Transverse-momentum-dependent Multiplicities of Charged
                        Hadrons in Muon-Deuteron Deep Inelastic Scattering}",
      collaboration  = "COMPASS",
      journal        = "Phys. Rev.",
      volume         = "D97",
      year           = "2018",
      number         = "3",
      pages          = "032006",
      doi            = "10.1103/PhysRevD.97.032006",
      eprint         = "1709.07374",
      archivePrefix  = "arXiv",
      primaryClass   = "hep-ex",
      reportNumber   = "CERN-EP-2017-253",
      SLACcitation   = "%%CITATION = ARXIV:1709.07374;%%"
}
@article{tmds-airapetian:2009,
      author         = "Airapetian, A. and others",
      title          = "{Observation of the Naive-T-odd Sivers Effect in
                        Deep-Inelastic Scattering}",
      collaboration  = "HERMES",
      journal        = "Phys. Rev. Lett.",
      volume         = "103",
      year           = "2009",
      pages          = "152002",
      doi            = "10.1103/PhysRevLett.103.152002",
      eprint         = "0906.3918",
      archivePrefix  = "arXiv",
      primaryClass   = "hep-ex",
      reportNumber   = "DESY-09-089",
      SLACcitation   = "%%CITATION = ARXIV:0906.3918;%%"
}
@article{tmds-zhao:2014,
      author         = "Zhao, Y. X. and others",
      title          = "{Single spin asymmetries in charged kaon production from
                        semi-inclusive deep inelastic scattering on a transversely
                        polarized $^3He$ target}",
      collaboration  = "Jefferson Lab Hall A",
      journal        = "Phys. Rev.",
      volume         = "C90",
      year           = "2014",
      number         = "5",
      pages          = "055201",
      doi            = "10.1103/PhysRevC.90.055201",
      eprint         = "1404.7204",
      archivePrefix  = "arXiv",
      primaryClass   = "nucl-ex",
      reportNumber   = "JLAB-PHY-14-1894",
      SLACcitation   = "%%CITATION = ARXIV:1404.7204;%%"
}
@article{tmds-adolph:2016,
      author         = "Adolph, C and others",
      title          = "{Sivers asymmetry extracted in SIDIS at the hard scales
                        of the Drell–Yan process at COMPASS}",
      collaboration  = "COMPASS",
      journal        = "Phys. Lett.",
      volume         = "B770",
      year           = "2017",
      pages          = "138-145",
      doi            = "10.1016/j.physletb.2017.04.042",
      eprint         = "1609.07374",
      archivePrefix  = "arXiv",
      primaryClass   = "hep-ex",
      reportNumber   = "CERN-EP-2016-250, CERN-EP-2016--250",
      SLACcitation   = "%%CITATION = ARXIV:1609.07374;%%"
}
@article{tmds-airapetian:2010,
      author         = "Airapetian, A. and others",
      title          = "{Effects of transversity in deep-inelastic scattering by
                        polarized protons}",
      collaboration  = "HERMES",
      journal        = "Phys. Lett.",
      volume         = "B693",
      year           = "2010",
      pages          = "11-16",
      doi            = "10.1016/j.physletb.2010.08.012",
      eprint         = "1006.4221",
      archivePrefix  = "arXiv",
      primaryClass   = "hep-ex",
      reportNumber   = "DESY-10-087",
      SLACcitation   = "%%CITATION = ARXIV:1006.4221;%%"
}
@article{tmds-adolph:2014,
      author         = "Adolph, C. and others",
      title          = "{Collins and Sivers asymmetries in muonproduction of
                        pions and kaons off transversely polarised protons}",
      collaboration  = "COMPASS",
      journal        = "Phys. Lett.",
      volume         = "B744",
      year           = "2015",
      pages          = "250-259",
      doi            = "10.1016/j.physletb.2015.03.056",
      eprint         = "1408.4405",
      archivePrefix  = "arXiv",
      primaryClass   = "hep-ex",
      reportNumber   = "CERN-PH-EP-2014-213",
      SLACcitation   = "%%CITATION = ARXIV:1408.4405;%%"
}
@article{tmds-qian:2011,
      author         = "Qian, X. and others",
      title          = "{Single Spin Asymmetries in Charged Pion Production from
                        Semi-Inclusive Deep Inelastic Scattering on a Transversely
                        Polarized $^3$He Target}",
      collaboration  = "Jefferson Lab Hall A",
      journal        = "Phys. Rev. Lett.",
      volume         = "107",
      year           = "2011",
      pages          = "072003",
      doi            = "10.1103/PhysRevLett.107.072003",
      eprint         = "1106.0363",
      archivePrefix  = "arXiv",
      primaryClass   = "nucl-ex",
      reportNumber   = "JLAB-PHY-11-1332",
      SLACcitation   = "%%CITATION = ARXIV:1106.0363;%%"
}
@article{tmds-anselmino:2015,
      author         = "Anselmino, M. and Boglione, M. and D'Alesio, U. and
                        Gonzalez Hernandez, J. O. and Melis, S. and Murgia, F. and
                        Prokudin, A.",
      title          = "{Collins functions for pions from SIDIS and new $e^+e^-$
                        data: a first glance at their transverse momentum
                        dependence}",
      journal        = "Phys. Rev.",
      volume         = "D92",
      year           = "2015",
      number         = "11",
      pages          = "114023",
      doi            = "10.1103/PhysRevD.92.114023",
      eprint         = "1510.05389",
      archivePrefix  = "arXiv",
      primaryClass   = "hep-ph",
      SLACcitation   = "%%CITATION = ARXIV:1510.05389;%%"
}
% --------------------------------------------------
%
%                      Theses 
%
% --------------------------------------------------
@phdthesis{theses-harrison:2015,
      author         = "Harrison, Nathan Andrew",
      title          = "{Exploring the Structure of the Proton via Semi-Inclusive
                        Pion Electroproduction}",
      school         = "Connecticut U.",
      year           = "2010",
      url            = "https://www.jlab.org/Hall-B/general/thesis/Harrison_thesis.pdf",
      SLACcitation   = "%%CITATION = INSPIRE-1651113;%%"
}
@phdthesis{theses-gohn:2012,
      author         = "Gohn, Wesley",
      title          = "{Probing the Proton's Quark Dynamics in Semi-inclusive
                        Pion Electroproduction}",
      school         = "Connecticut U.",
      year           = "2012",
      url            = "http://www.jlab.org/Hall-B/general/thesis/Gohn_thesis.pdf",
      SLACcitation   = "%%CITATION = INSPIRE-1288280;%%"
}
@phdthesis{theses-keppel:1994,
      author         = "Keppel, Cynthia",
      title          = "{Inclusive nucleon resonance electroproduction at large
                        momentum transfer}",
      school         = "American U.",
      url            = "http://wwwlib.umi.com/dissertations/fullcit?p9529706",
      year           = "1994",
      reportNumber   = "SLAC-R-694, UMI-95-29706, UMI-95-29706-MC",
      SLACcitation   = "%%CITATION = SLAC-R-694;%%"
}

